@article {girard,
    author = "Jean-Yves Girard",
    title = "Linear Logic",
    year = "1988",
    journal = "Theoretical Computer Science",
    number = "50",
    pages = "1-102"
}

@misc {ghc-linear,
    title = "Integration of Linear Types into GHC",
    url = "https://ghc.haskell.org/trac/ghc/wiki/LinearTypes"
}

@misc {tweag-blog,
    title = "Linear types make performance more predictable",
    author = "Jean-Phillipe Bernardy and Arnaud Spiwack",
    year = "2017",
    month = "March",
    url = "http://blog.tweag.io/posts/2017-03-13-linear-types.html"
}

@misc {stg,
    title = "Implementing lazy functional languages on stock hardware: the Spineless Tagless G-Machine",
    author = "Simon L Peyton Jones",
    year = "1992",
    month = "July"
}

@misc{curry,
    title = "Making a Fast Curry: Push/Enter vs. Eval/Apply for Higher Order Languages",
    author = "Simon Marlow and Simon Peyton Jones"
}

